

@Book{		  sql,
  author	= "Rick F. van der Lans",
  title		= "{Introduzione a SQL}",
  address	= "Milano, Italy",
  publisher	= "Addison-Wesley",
  month		= jun,
  note2		= "38.000",
  year		= 1990
}

@Book{		  ama,
  author	= "Luigi Ciminiera AND Adriano Valenzano",
  title		= "{Advanced Microprocessor Architectures}",
  address	= "Milano, Italy",
  publisher	= "Addison-Wesley",
  month         = maj,
  year		= 1987
}

@Book{		  cv1,
  author	= "Rangachar Kasuri AND Ramesh C. Jain",
  title		= "{Computer Vision: advances and applications}",
  address	= "Los Alamitos, California, USA",
  publisher	= "IEEE Computer Society Press",
  edition	= "Third",
  month         = dec,
  year		= 1993
}

@Article{         dickmans92,
  title         = "{Recursive 3-D Road and Relative Ego-State Recognition}",
  author        = "E. D. Dickmans AND B. D. Mysliwetz",
  journal       = ieee:pami,
  volume        = "14",
  pages         = "199--213",
  month         = may,
  year          = 1992
}

@MastersThesis{   tesi-fascal,
  author        = "Alessandra Fascioli",
  title         = "Localizzazione di ostacoli mediante elaborazione di
                  immagini stereoscopiche",
  school        = "Universit\`a degli Studi di Parma - Facolt\`a di
                  Ingegneria",
  year          = 1995
}

@TechReport{      mpi,
  author        = "{MPI Forum}",
  title         = "{MPI A Message Passing Interface Standard}",
  institution   = "University of Tennessee",
  year          = 1995,
  month         = jun
}

@Unpublished{   btxdoc,
   author = "Oren Patashnik",
   title = "{BibTeXing}",
   note = "{Documentation for general BibTeX users, si pu\`o trovare su Attila in /usr/local/teTeX/doc/bibtex\ldots}",
   month = feb,
   year = 1988
}

@InProceedings{   aiia.ferrara,
  author        = "Massimo Bertozzi AND Alberto Broggi AND Gianni Conte AND Alessandra Fascioli",
  title         = "{Vision-based Automated Vehicle Guidance: the experience of the ARGO vehicle}",
  booktitle     = "{IAPRVA - Tecniche di Intelligenza Artificiale e Pattern Recognition per la Visione Artificiale}",
  pages         = "35--40",
  month         = apr,
  year          = 1998
}

~                                                                                                                                             
~                         
